@article{DataSet,
title = {ChestX-ray8: Hospital-scale Chest X-ray Database and Benchmarks on
Weakly-Supervised Classification and Localization of Common Thorax Diseases},
author = {Wang, Xiaosong and Peng, Yifan and Lu, Le and Lu, Zhiyong and Bagheri, Mohammadhadi and Summer, Ronald M.},
journal = {arXiv preprint arXiv:1705.02315v5},
year = {2017}
}

@INPROCEEDINGS{XRayDiagnosis,
  author={Liu, Jingyu and Zhao, Gangming and Fei, Yu and Zhang, Ming and Wang, 
  Yizhou and Yu, Yizhou},
  booktitle={2019 IEEE/CVF International Conference on Computer Vision (ICCV)}, 
  title={Align, Attend and Locate: Chest X-Ray Diagnosis via Contrast Induced 
  Attention Network With Limited Supervision}, 
  year={2019},
  volume={},
  number={},
  pages={10631-10640},
  doi={10.1109/ICCV.2019.01073}
  }

@article{SpatialTransform,
  author          = {Max Jaderberg and Karen Simonyan and Andrew Zisserman and 
  Koray Kavukcuoglu},
  journal         = {arXiv preprint arXiv:1506.02025v3},
  title           = {Spatial Transformer Networks},
  year            = {2016}
}

@article{StyleTransfer,
  author          = {Justin Johnson and Alexandre Alahi and Li Fei-Fei},
  journal         = {arXiv preprint arXiv:1603.08155v1},
  title           = {Perceptual Losses for Real-Time Style Transfer and 
  Super-Resolution},
  year            = {2016}
}

@INPROCEEDINGS{ImageNet,
  author={Deng, Jia and Dong, Wei and Socher, Richard and Li, Li-Jia and Kai Li 
  and Li Fei-Fei},
  booktitle={2009 IEEE Conference on Computer Vision and Pattern Recognition}, 
  title={ImageNet: A large-scale hierarchical image database}, 
  year={2009},
  volume={},
  number={},
  pages={248-255},
  doi={10.1109/CVPR.2009.5206848}
  }

@article{CheXNet,
  author          = {Pranav Rajpurkar and Jeremy Irvin and Kaylie Zhu and 
  Brandon Yang and Hershel Mehta and Tony Duan and Daisy Ding and Aarti Bagul 
  and Robyn L. Ball and Curtis Langlotz and Katie Shpanskaya and Matthew P. 
  Lungren and Andrew Y. Ng},
  journal         = {arXiv preprint arXiv:1711.05225v3},
  title           = {CheXNet: Radiologist-Level Pneumonia Detection on Chest 
  X-Rays with Deep Learning},
  year            = {2017}
}

@article{CheXclusion,
  author          = {Laleh Seyyed-Kalantari and Guanxiong Liu and Matthew McDermott and 
  Irene Y. Chen and Maryzeh Ghassemi},
  journal         = {arXiv preprint arXiv:2003.00827v2},
  title           = {CheXclusion: Fairness gaps in deep chest X-ray classifiers},
  year            = {2020}
}